@article{Fehrman,
   author = {Elaine Fehrman and Evgeny M. Mirkes and Awaz K. Muhammad and Vincent Egan and Alexander N. Gorban},
   title = {The Five Factor Model of personality and evaluation of drug consumption risk},
   journal = {University of Leicester},
   volume = {2017},
   year = {2017},
   type = {Research Paper}
}


@article{Claypool,
   author = {Henry Claypool},
   title = {Job hiring increasingly relies on personality tests, but that can bar people with disabilities},
   journal = {NBC News},
   volume = {March 4, 2021},
   year = {2021},
   type = {News Article}
}

